@String(PAMI  = {IEEE TPAMI})
@String(IJCV  = {IJCV})
@String(CVPR  = {CVPR})
@String(ICCV  = {ICCV})
@String(ECCV  = {ECCV})
@String(NIPS  = {NeurIPS})
@String(ICPR  = {ICPR})
@String(BMVC  =	{BMVC})
@String(TOG   = {ACM TOG})
@String(TIP   = {IEEE TIP})
@String(TVCG  = {IEEE TVCG})
@String(TCSVT = {IEEE TCSVT})
@String(TMM   =	{IEEE TMM})
@String(ACMMM = {ACM MM})
@String(ICME  =	{ICME})
@String(ICASSP=	{ICASSP})
@String(ICIP  = {ICIP})
@String(ACCV  = {ACCV})
@String(ICLR  = {ICLR})
@String(IJCAI = {IJCAI})
@String(PR = {PR})
@String(AAAI = {AAAI})
@String(CVPRW= {CVPRW})
@String(CSVT = {IEEE TCSVT})



@String(PAMI = {IEEE Trans. Pattern Anal. Mach. Intell.})
@String(IJCV = {Int. J. Comput. Vis.})
@String(CVPR= {IEEE Conf. Comput. Vis. Pattern Recog.})
@String(ICCV= {Int. Conf. Comput. Vis.})
@String(ECCV= {Eur. Conf. Comput. Vis.})
@String(NIPS= {Adv. Neural Inform. Process. Syst.})
@String(ICPR = {Int. Conf. Pattern Recog.})
@String(BMVC= {Brit. Mach. Vis. Conf.})
@String(TOG= {ACM Trans. Graph.})
@String(TIP  = {IEEE Trans. Image Process.})
@String(TVCG  = {IEEE Trans. Vis. Comput. Graph.})
@String(TMM  = {IEEE Trans. Multimedia})
@String(ACMMM= {ACM Int. Conf. Multimedia})
@String(ICME = {Int. Conf. Multimedia and Expo})
@String(ICASSP=	{ICASSP})
@String(ICIP = {IEEE Int. Conf. Image Process.})
@String(ACCV  = {ACCV})
@String(ICLR = {Int. Conf. Learn. Represent.})
@String(IJCAI = {IJCAI})
@String(PR   = {Pattern Recognition})
@String(AAAI = {AAAI})
@String(CVPRW= {IEEE Conf. Comput. Vis. Pattern Recog. Worksh.})
@String(CSVT = {IEEE Trans. Circuit Syst. Video Technol.})

@String(SPL	= {IEEE Sign. Process. Letters})
@String(VR   = {Vis. Res.})
@String(JOV	 = {J. Vis.})
@String(TVC  = {The Vis. Comput.})
@String(JCST  = {J. Comput. Sci. Tech.})
@String(CGF  = {Comput. Graph. Forum})
@String(CVM = {Computational Visual Media})



@inproceedings{toshev2014deeppose,
  title={Deeppose: Human pose estimation via deep neural networks},
  author={Toshev, Alexander and Szegedy, Christian},
  booktitle={Proceedings of the IEEE conference on computer vision and pattern recognition},
  pages={1653--1660},
  year={2014}
}
@inproceedings{sapp2013modec,
  title={Modec: Multimodal decomposable models for human pose estimation},
  author={Sapp, Ben and Taskar, Ben},
  booktitle={Proceedings of the IEEE Conference on Computer Vision and Pattern Recognition},
  pages={3674--3681},
  year={2013}
}
@article{lecun1998gradient,
  title={Gradient-based learning applied to document recognition},
  author={LeCun, Yann and Bottou, L{\'e}on and Bengio, Yoshua and Haffner, Patrick},
  journal={Proceedings of the IEEE},
  volume={86},
  number={11},
  pages={2278--2324},
  year={1998},
  publisher={Ieee}
}
@article{tompson2014joint,
  title={Joint training of a convolutional network and a graphical model for human pose estimation},
  author={Tompson, Jonathan J and Jain, Arjun and LeCun, Yann and Bregler, Christoph},
  journal={Advances in neural information processing systems},
  volume={27},
  pages={1799--1807},
  year={2014}
}
@inproceedings{pishchulin2016deepcut,
  title={Deepcut: Joint subset partition and labeling for multi person pose estimation},
  author={Pishchulin, Leonid and Insafutdinov, Eldar and Tang, Siyu and Andres, Bjoern and Andriluka, Mykhaylo and Gehler, Peter V and Schiele, Bernt},
  booktitle={Proceedings of the IEEE conference on computer vision and pattern recognition},
  pages={4929--4937},
  year={2016}
}
@article{krizhevsky2017imagenet,
  title={ImageNet Classification with Deep Convolutional Neural Networks Mark},
  author={Krizhevsky, Alex and Sutskever, Ilya and Hinton, Geoffrey E},
  journal={Commun. ACM},
  volume={60},
  number={6},
  pages={84--90},
  year={2017}
}
@inproceedings{szegedy2015going,
  title={Going deeper with convolutions},
  author={Szegedy, Christian and Liu, Wei and Jia, Yangqing and Sermanet, Pierre and Reed, Scott and Anguelov, Dragomir and Erhan, Dumitru and Vanhoucke, Vincent and Rabinovich, Andrew},
  booktitle={Proceedings of the IEEE conference on computer vision and pattern recognition},
  pages={1--9},
  year={2015}
}
@inproceedings{carreira2016human,
  title={Human pose estimation with iterative error feedback},
  author={Carreira, Joao and Agrawal, Pulkit and Fragkiadaki, Katerina and Malik, Jitendra},
  booktitle={Proceedings of the IEEE conference on computer vision and pattern recognition},
  pages={4733--4742},
  year={2016}
}
@inproceedings{sun2017compositional,
  title={Compositional human pose regression},
  author={Sun, Xiao and Shang, Jiaxiang and Liang, Shuang and Wei, Yichen},
  booktitle={Proceedings of the IEEE International Conference on Computer Vision},
  pages={2602--2611},
  year={2017}
}
@inproceedings{he2016deep,
  title={Deep residual learning for image recognition},
  author={He, Kaiming and Zhang, Xiangyu and Ren, Shaoqing and Sun, Jian},
  booktitle={Proceedings of the IEEE conference on computer vision and pattern recognition},
  pages={770--778},
  year={2016}
}
@article{luvizon2019human,
  title={Human pose regression by combining indirect part detection and contextual information},
  author={Luvizon, Diogo C and Tabia, Hedi and Picard, David},
  journal={Computers \& Graphics},
  volume={85},
  pages={15--22},
  year={2019},
  publisher={Elsevier}
}
@inproceedings{xiao2018simple,
  title={Simple baselines for human pose estimation and tracking},
  author={Xiao, Bin and Wu, Haiping and Wei, Yichen},
  booktitle={Proceedings of the European conference on computer vision (ECCV)},
  pages={466--481},
  year={2018}
}
@inproceedings{li2014heterogeneous,
  title={Heterogeneous multi-task learning for human pose estimation with deep convolutional neural network},
  author={Li, Sijin and Liu, Zhi-Qiang and Chan, Antoni B},
  booktitle={Proceedings of the IEEE conference on computer vision and pattern recognition workshops},
  pages={482--489},
  year={2014}
}
@inproceedings{fan2015combining,
  title={Combining local appearance and holistic view: Dual-source deep neural networks for human pose estimation},
  author={Fan, Xiaochuan and Zheng, Kang and Lin, Yuewei and Wang, Song},
  booktitle={Proceedings of the IEEE conference on computer vision and pattern recognition},
  pages={1347--1355},
  year={2015}
}
@article{ioffe2015batch,
  title={Batch normalization: accelerating deep network training by reducing internal covariate shift. arXiv e-prints},
  author={Ioffe, Sergey and Szegedy, Christian},
  year={2015},
  publisher={Citeseer}
}
@inproceedings{newell2016stacked,
  title={Stacked hourglass networks for human pose estimation},
  author={Newell, Alejandro and Yang, Kaiyu and Deng, Jia},
  booktitle={European conference on computer vision},
  pages={483--499},
  year={2016},
  organization={Springer}
}



